<collection xmlns="http://www.loc.gov/MARC21/slim">
<record>
  <leader>01647nam0a22002891i 450 </leader>
  <controlfield tag="001">IT\ICCU\CNCE\041518</controlfield>
  <controlfield tag="005">20141125000000.0</controlfield>
  <datafield tag="012" ind1=" " ind2=" ">
    <subfield code="a">con- 12ri n-a, real (3) 1565 (R)</subfield>
    <subfield code="2">fei</subfield>
  </datafield>
  <datafield tag="100" ind1=" " ind2=" ">
    <subfield code="a">19981126d1565        0itac0103    ba</subfield>
  </datafield>
  <datafield tag="101" ind1=" " ind2=" ">
    <subfield code="a">ITA</subfield>
  </datafield>
  <datafield tag="102" ind1=" " ind2=" ">
    <subfield code="a">IT</subfield>
  </datafield>
  <datafield tag="200" ind1="1" ind2=" ">
    <subfield code="a">Auiso de gioueni, et riprobatione dell&apos;amor del mondo. Opera catolica di s. Alfonso Ulloa. Nella quale si contengono molti santi ricordi per ogni fedel christiano acciocche non incorra nelle maluagita, &amp; tristitie del mondo. Spetialmente ne gli inganni che le meretrici, &amp; le cattiue donne cagionano</subfield>
  </datafield>
  <datafield tag="210" ind1=" " ind2=" ">
    <subfield code="a">In Venetia</subfield>
    <subfield code="c">appresso Camillo Franceschini</subfield>
    <subfield code="d">1565</subfield>
    <subfield code="e">In Venetia</subfield>
    <subfield code="g">appresso Camillo Franceschini</subfield>
    <subfield code="h">1566</subfield>
  </datafield>
  <datafield tag="215" ind1=" " ind2=" ">
    <subfield code="a">\12!, 146 c. \i.e. 148! c.</subfield>
    <subfield code="d">8ʻ</subfield>
  </datafield>
  <datafield tag="620" ind1=" " ind2=" ">
    <subfield code="a">IT</subfield>
    <subfield code="d">Venezia</subfield>
  </datafield>
  <datafield tag="700" ind1=" " ind2="1">
    <subfield code="a">Ulloa,</subfield>
    <subfield code="b">Alfonso : de</subfield>
    <subfield code="3">IT\ICCU\CNCA\001019</subfield>
  </datafield>
  <datafield tag="712" ind1="0" ind2="0">
    <subfield code="a">Franceschini, Camillo</subfield>
    <subfield code="3">IT\ICCU\CNCT\000546</subfield>
    <subfield code="4">650</subfield>
  </datafield>
  <datafield tag="790" ind1=" " ind2="0">
    <subfield code="a">Alfonso</subfield>
    <subfield code="c"> : de#Ulloa</subfield>
    <subfield code="3">IT\ICCU\CNCA\016175</subfield>
    <subfield code="z">Ulloa, Alfonso : de</subfield>
  </datafield>
  <datafield tag="791" ind1="0" ind2="0">
    <subfield code="a">Francischinus, Camillus</subfield>
    <subfield code="3">IT\ICCU\CNCT\003811</subfield>
    <subfield code="z">Franceschini, Camillo</subfield>
  </datafield>
  <datafield tag="801" ind1=" " ind2="3">
    <subfield code="a">IT</subfield>
    <subfield code="b">ICCU</subfield>
    <subfield code="c">20201114</subfield>
  </datafield>
  <datafield tag="899" ind1=" " ind2=" ">
    <subfield code="a">Biblioteca universitaria. Bologna</subfield>
    <subfield code="1">BO0098</subfield>
    <subfield code="2">UBO BU</subfield>
  </datafield>
  <datafield tag="899" ind1=" " ind2=" ">
    <subfield code="a">Biblioteca dello Studio teologico per laici S. Croce. Firenze</subfield>
    <subfield code="1">FI0109</subfield>
    <subfield code="2">CFI SC</subfield>
  </datafield>
  <datafield tag="899" ind1=" " ind2=" ">
    <subfield code="a">Biblioteca del Seminario Vescovile della Facolt ̉Teologica del Triveneto dell&apos;Istituto Filosofico Aloisianum. Padova</subfield>
    <subfield code="1">PD0073</subfield>
    <subfield code="2">PUV 01</subfield>
  </datafield>
  <datafield tag="899" ind1=" " ind2=" ">
    <subfield code="a">Biblioteca comunale Augusta. Perugia</subfield>
    <subfield code="1">PG0109</subfield>
    <subfield code="2">UM1 01</subfield>
  </datafield>
  <datafield tag="899" ind1=" " ind2=" ">
    <subfield code="a">Biblioteca universitaria Alessandrina. Roma</subfield>
    <subfield code="1">RM0280</subfield>
    <subfield code="2">RML 01</subfield>
  </datafield>
  <datafield tag="899" ind1=" " ind2=" ">
    <subfield code="a">Biblioteca Casanatense. Roma</subfield>
    <subfield code="1">RM0313</subfield>
    <subfield code="2">RML 07</subfield>
  </datafield>
  <datafield tag="899" ind1=" " ind2=" ">
    <subfield code="a">Biblioteca comunale degli Intronati. Siena</subfield>
    <subfield code="1">SI0046</subfield>
    <subfield code="2">RT1 QI</subfield>
  </datafield>
</record>
</collection>
